%% This BibTeX bibliography file was created using BibDesk.
%% http://bibdesk.sourceforge.net/


%% Created for Yun Yan at 2015-12-06 21:22:44 -0500 


%% Saved with string encoding Unicode (UTF-8) 



@webpage{maxcaret,
	Author = {Max Kuhn},
	Date-Added = {2015-12-07 02:21:31 +0000},
	Date-Modified = {2015-12-07 02:22:44 +0000},
	Month = {Nov},
	Title = {The caret Package},
	Url = {http://topepo.github.io/caret/index.html},
	Year = {2015}}

@article{van2008visualizing,
	Author = {Van der Maaten, Laurens and Hinton, Geoffrey},
	Date-Added = {2015-12-06 22:44:52 +0000},
	Date-Modified = {2015-12-06 22:44:52 +0000},
	Journal = {Journal of Machine Learning Research},
	Number = {2579-2605},
	Pages = {85},
	Title = {Visualizing data using t-SNE},
	Volume = {9},
	Year = {2008}}

@url{tsne,
	Author = {Laurens van der Maaten},
	Date-Added = {2015-12-06 22:43:53 +0000},
	Date-Modified = {2015-12-06 22:44:43 +0000},
	Title = {t-SNE},
	Url = {https://lvdmaaten.github.io/tsne/},
	Year = {2008}}

@webpage{mlwave,
	Author = {MLWave},
	Date-Added = {2015-12-06 20:32:28 +0000},
	Date-Modified = {2015-12-06 20:36:47 +0000},
	Month = {June},
	Title = {KAGGLE ENSEMBLING GUIDE},
	Url = {http://mlwave.com/kaggle-ensembling-guide/},
	Year = {2015},
	Bdsk-Url-1 = {http://mlwave.com/kaggle-ensembling-guide/}}

@webpage{caretresubsmp,
	Author = {Max Kuhn},
	Date-Added = {2015-12-06 17:50:22 +0000},
	Date-Modified = {2015-12-06 20:37:09 +0000},
	Month = {Oct},
	Title = {Subsampling During Resampling},
	Url = {http://topepo.github.io/caret/sampling.html#resampling},
	Year = {2015},
	Bdsk-Url-1 = {http://topepo.github.io/caret/sampling.html#resampling}}

@article{witten2011penalized,
	Author = {Witten, Daniela M and Tibshirani, Robert},
	Date-Added = {2015-12-03 04:07:40 +0000},
	Date-Modified = {2015-12-03 04:07:40 +0000},
	Journal = {Journal of the Royal Statistical Society: Series B (Statistical Methodology)},
	Number = {5},
	Pages = {753--772},
	Publisher = {Wiley Online Library},
	Title = {Penalized classification using Fisher's linear discriminant},
	Volume = {73},
	Year = {2011}}
